@article{plucked-string,
	author =	"FORREST B. BROWN and WILLIAM R. MARTIN",
	title =		"Monte Carlo Methods For Radiation Transport Analysis on Vector Computers",
	year =		"1984",
	journal =	"Progress in Nuclear Energy",
	volume =	"14",
	number =	"3",
	pages =		"269-299"
}

@article{plot,
	author =	"J. L. VUJIC and W. R. MARTIN",
	title =		"Vectorization and Parallelization of a Production Reactor Assembly Code",
	year =		"1991",
	journal =	"Progress in Nuclear Energy",
	volume =	"26",
	number =	"3",
	page =		"147-162"
}

@article{plucked-string-extensions,
	author =	"ZHANG, JIANG, GUO, TIAN, SHEN",
	title =		"On-the-fly elimination of dynamic irregularities for GPU computing",
	year =		"2011",
	journal =	"SIGPLAN Not.",
	volume =	"46",
	number =	"3",
	pages =		"369-38"
}

@article{waveshaping,
	author = 	"PARKER S. G., BIGLER J., et. al",
	title =		"OptiX: A general purpose ray tracing engine",
	year =		"2010",
	journal =	"ACM Transactions on Graphics",
	volume =	"29",
	number =	"3"
}

@article{lcrng,
	author = 	"PIERRE L'ECUYER",
	title =		"TABLES OF LINEAR CONGRUENTIAL GENERATORS OF DIFFERENT SIZES AND GOOD LATTICE STRUCTURE",
	year =		"2009",
	journal =	"MATHEMATICS OF COMPUTATION",
	volume =	"68",
	number =	"225",
	pages =		"249-260"
}

manual{cuda,
	title =	"CUDA C PROGRAMMING GUIDE",
	oranization =	"NVIDIA Co",
	edition =	"PG-02829-001_v5.5",
	address =	"Santa Clara, CA",
	year =		"2013"
}

@thesis{jaakko,
	author =	"JAAKKO LEPP{\"A}NEN",
	title =		"Development of a New Monte Carlo Reactor Physics Code",
	year =		"2007",
	school =	"Helsinki Institute of Technology",
	address = "Helsinki, Finland",
	note = "D.Sc. Dissertation"
}

@techreport{something,
	author = "JOSHUA RUGGIERO",
	title = "Measuring Cache and Memory Latency and CPU to Memory Bandwidth",
	year = "2008",
	institution = "Intel Co."
}

@techreport{LAMS523,
	author = "M. Holloway and R. Baker",
	title = "Note on the Origin of the Term ``Barn''",
	year = "13 March 1944",
	institution = "LANL No. LAMS-523"
}

@techreport{3rdsampler,
	author = "C. J. Everett and E. D. Cashwell",
	title = "A Third Monte Carlo Sampler",
	year = "March 1983",
	institution = "LANL No. LA-9721-MS"
}

@book{duderstadt,
    author    = "James J. Duderstadt and Louis J. Hamilton",
    title     = "Nuclear Reactor Analysis",
    year      = "1976",
    publisher = "John Wiley \& Sons, Inc.",
    address   = "New York, NY"
}

@misc{cent,
	author = "BRIAN CATANZARO",
	title = "An Introduction to CUDA/OpenCL and Manycore Graphics Processors",
	howpublished = "Lecture slides",
	month = "Feb",
	year = "2011",
	note = "University of California, Berkeley CS267 - Applications of Parallel Computers"
}

@proceedings{tianyu,
	author = "TIANYU LIU, AIPING DING, WEI JI, AND X. GEORGE XU,  CHRISTOPHER D. CAROTHERS, FORREST B. BROWN",
	title = "A Monte Carlo Neutron Transport Code For Eigenvalue Calculations on a Dual-GPU System and CUDA Environment",
	organization = "PHYSOR",
	year = "2012",
	address = "Knoxville, Tennessee",
	month = "April"
}

@thesis{bvh,
	author =	"THOMAS LARSSON",
	title =		"Adaptive Bounding Volume Hierarchies for Efficient Collision Queries",
	year =		"2009",
	school =	"M{\"a}lardalen University",
	address = "V{\"a}ster\aa s, Sweden",
	note = "Ph.D. Dissertation"
}

manual{cudaprof,
	title =	"CUDA PROFILER USER'S GUIDE",
	oranization =	"NVIDIA Co",
	edition =	"DU-05982-001_v5.0",
	address =	"Santa Clara, CA",
	year =		"2013"
}

manual{openmc
	title =	"OpenMC Documentation",
	oranization =	"Massachusetts Institute of Technology",
	edition =	"0.5.3",
	address =	"Cambridge, MA",
	year =		"2013",
	note = "http://mit-crpg.github.io/openmc/index.html"
}

%9)	MIT Computer Science and Artificial Intelligence Laboratory, Geometric Computation Notes, URL:  http://groups.csail.mit.edu/graphics/classes/6.838/S98/meetings/m13/kd.gif
%11)Wikimedia Commons, URL: http://commons.wikimedia.org/wiki/File:Example_of_bounding_volume_hierarchy.svg
